@Book{knuth:84,
  author = 	 {Donald E. Knuth},
  title = 	 {The {\TeX} Book},
  publisher = 	 {Addison-Wesley},
  year = 	 {1984},
  edition = 	 {15th}
}


@article{mussliner:2021,
  title={O problema da evas{\~a}o universit{\'a}ria: um desafio {\`a} democratiza{\c{c}}{\~a}o do ensino superior p{\'u}blico},
  author={Mussliner, Bruno Osvaldo and de Sousa, Monica and Mussliner, Silva and Meza, Edwin Benito Mitacc and Rodr{\'\i}guez, Guillermo Luj{\'a}n},
  journal={Brazilian Journal of Development},
  volume={7},
  number={4},
  pages={42738--42758},
  year={2021}
}

@article{gilioli:2016,
  title={Evas{\~a}o em institui{\c{c}}{\~o}es federais de ensino superior no Brasil: expans{\~a}o da rede, SISU e desafios},
  author={Gilioli, Renato de Souza Porto},
  journal={Bras{\'\i}lia: C{\^a}mara dos Deputados},
  volume={49},
  pages={1--55},
  year={2016}
}

@InCollection{boulic:91,
  author = 	 {R. Boulic and O. Renault},
  title = 	 {3D Hierarchies for Animation},
  booktitle = 	 {New Trends in Animation and Visualization},
  publisher =    {John Wiley {\&} Sons ltd.},
  year = 	 {1991},
  editor = 	 {Nadia Magnenat-Thalmann and Daniel Thalmann}
}

@InCollection{smith:99,
  author = 	 {A. Smith and B. Jones},
  title = 	 {On the Complexity of Computing},
  booktitle = 	 {Advances in Computer Science},
  pages = 	 {555--566},
  publisher =    {Publishing Press},
  year = 	 {1999},
  editor = 	 {A. B. Smith-Jones}
}

@article{maria:2022,
title={Análise da evasão feminina nos cursos de Ciência da Computação das universidades públicas e presenciais de Santa Catarina}, 
volume={20}, url={https://seer.ufrgs.br/index.php/renote/article/view/126669}, DOI={10.22456/1679-1916.126669},
number={1}, 
journal={RENOTE}, 
author={Silva Santos, Maria Teresa and Pisetta Van Vossen, Laís and Vasconcellos, Daniella and Tomaselli Borchardt, Guilherme and Vaichulonis, Gabriel and Bolan Frigo, Luciana and Gasparini, Isabela}, 
year={2022}, 
month={ago.}, 
pages={233–242} }

@INPROCEEDINGS{Periwal,  author={Periwal, Nidhi and Rana, Keyur},  booktitle={2017 International Conference on Computing, Communication and Automation (ICCCA)},   title={An empirical comparison of models for dropout prophecy in MOOCs},   year={2017},  volume={},  number={},  pages={906-911},  doi={10.1109/CCAA.2017.8229935}}

@INPROCEEDINGS{Liang,  author={Liang, Jiajun and Yang, Jian and Wu, Yongji and Li, Chao and Zheng, Li},  booktitle={2016 IEEE Second International Conference on Multimedia Big Data (BigMM)},   title={Big Data Application in Education: Dropout Prediction in Edx MOOCs},   year={2016},  volume={},  number={},  pages={440-443},  doi={10.1109/BigMM.2016.70}}

@INPROCEEDINGS{Costa,  author={Costa, Alexandre G. and Queiroga, Emanuel and Primo, Tiago T. and Mattos, Júlio C. B. and Cechinel, Cristian},  booktitle={2020 XV Conferencia Latinoamericana de Tecnologias de Aprendizaje (LACLO)},   title={Prediction analysis of student dropout in a Computer Science course using Educational Data Mining},   year={2020},  volume={},  number={},  pages={1-6},  doi={10.1109/LACLO50806.2020.9381166}}


@article{maria:2022,
title={Análise da evasão feminina nos cursos de Ciência da Computação das universidades públicas e presenciais de Santa Catarina}, 
volume={20}, url={https://seer.ufrgs.br/index.php/renote/article/view/126669}, DOI={10.22456/1679-1916.126669},
number={1}, 
journal={RENOTE}, 
author={Silva Santos, Maria Teresa and Pisetta Van Vossen, Laís and Vasconcellos, Daniella and Tomaselli Borchardt, Guilherme and Vaichulonis, Gabriel and Bolan Frigo, Luciana and Gasparini, Isabela}, 
year={2022}, 
month={ago.}, 
pages={233–242} }

 @article{silva_rodrigues_brito_frança_2012, title={Evasão Escolar no Curso de Educação Física da Universidade Federal do Piauí}, url={https://www.scielo.br/j/aval/a/G7HcqfvMF8C3nt57Jx9BDxN/}, journal={Avaliação: Revista da Avaliação da Educação Superior (Campinas)}, publisher={Publicação da Rede de Avaliação Institucional da Educação Superior (RAIES), da Universidade Estadual de Campinas (UNICAMP) e da Universidade de Sorocaba (UNISO).}, author={Silva, Francisca Islandia Cardoso da and Rodrigues, Janete De Páscoa and Brito, Ahecio Kleber Araújo and França, Nanci Maria de}, year={2012}, month={Jul}} 

 @article{gilioli2016evasao,
  title={Evas{\~a}o em institui{\c{c}}{\~o}es federais de ensino superior no Brasil: expans{\~a}o da rede, SISU e desafios},
  author={GILIOLI, Renato de Souza Porto},
  journal={Bras{\'\i}lia: C{\^a}mara dos Deputados},
  volume={49},
  pages={1--55},
  year={2016}
}

@article{fuks2011teorias,
  title={Teorias e modelos de colabora{\c{c}}{\~a}o},
  author={Fuks, Hugo and Raposo, Alberto Barbosa and Gerosa, Marco Aur{\'e}lio and Pimentel, Mariano and Filippo, Denise and Lucena, CJP de},
  journal={Sistemas colaborativos},
  pages={16--33},
  year={2011},
  publisher={Elsevier}
}

@article{bansal:2022,
  title={A systematic review on data scarcity problem in deep learning: solution and applications},
  author={Bansal, Ms Aayushi and Sharma, Dr Rewa and Kathuria, Dr Mamta},
  journal={ACM Computing Surveys (CSUR)},
  volume={54},
  number={10s},
  pages={1--29},
  year={2022},
  publisher={ACM New York, NY}
}